@article{bloch1928quantum,
  title={Quantum mechanics of electrons in crystal lattices},
  author={Bloch, Felix},
  journal={Z. Phys},
  volume={52},
  pages={555--600},
  year={1928}
}

@book{Ashcroft76,
  author = {Ashcroft, N. W. and Mermin, N. D.},
  publisher = {Holt-Saunders},
  timestamp = {2009-03-26T12:05:24.000+0100},
  title = {{S}olid {S}tate {P}hysics},
  year = {1976}
}

@book{thijssen2007computational,
  title={Computational physics},
  author={Thijssen, Jos},
  year={2007},
  publisher={Cambridge university press}
}

@article{hohenberg1964inhomogeneous,
  title={Inhomogeneous electron gas},
  author={Hohenberg, Pierre and Kohn, Walter},
  journal={Physical review},
  volume={136},
  number={3B},
  pages={B864},
  year={1964},
  publisher={APS}
}

@article{PhysRev.140.A1133,
  title = {Self-Consistent Equations Including Exchange and Correlation Effects},
  author = {Kohn, W. and Sham, L. J.},
  journal = {Phys. Rev.},
  volume = {140},
  issue = {4A},
  pages = {A1133--A1138},
  numpages = {0},
  year = {1965},
  month = {11},
  publisher = {American Physical Society},
  doi = {10.1103/PhysRev.140.A1133},
  url = {https://link.aps.org/doi/10.1103/PhysRev.140.A1133}
}

@article{kerker1980non,
  title={Non-singular atomic pseudopotentials for solid state applications},
  author={Kerker, GP},
  journal={Journal of Physics C: Solid State Physics},
  volume={13},
  number={9},
  pages={L189},
  year={1980},
  publisher={IOP Publishing}
}

@article{ziesche1998density,
  title={Density functionals from LDA to GGA},
  author={Ziesche, Paul and Kurth, Stefan and Perdew, John P},
  journal={Computational materials science},
  volume={11},
  number={2},
  pages={122--127},
  year={1998},
  publisher={Elsevier}
}

@article{GaAs_wurtzite_structure,
author = {Pryor, Craig},
year = {2009},
month = {08},
pages = {},
title = {Predicted band structures of III-V semiconductors in the wurtzite phase},
volume = {81},
journal = {Phys. Rev. B},
doi = {10.1103/PhysRevB.81.155210}
}

@article{frohlich1954electrons,
  title={Electrons in lattice fields},
  author={Fr{\"o}hlich, Herbert},
  journal={Advances in Physics},
  volume={3},
  number={11},
  pages={325--361},
  year={1954},
  publisher={Taylor \& Francis}
}

@book{haken1976quantum,
  title={Quantum Field Theory of Solids. An Introduction},
  author={Haken, Hermann},
  year={1976}
}

@book{alexandrov2010advances,
  title={Advances in polaron physics},
  author={Alexandrov, Alexandre S and Devreese, Jozef T},
  volume={159},
  year={2010},
  publisher={Springer}
}

@book{mahan2013many,
  title={Many-particle physics},
  author={Mahan, Gerald D},
  year={2013},
  publisher={Springer Science \& Business Media}
}

@article{miyake1976ground,
  title={The ground state of the optical polaron in the strong-coupling case},
  author={Miyake, Satoru J},
  journal={Journal of the Physical Society of Japan},
  volume={41},
  number={3},
  pages={747--752},
  year={1976},
  publisher={The Physical Society of Japan}
}

@article{article_coupling,
author = {Devreese, Jozef and Alexandrov, Alexandre},
year = {2009},
month = {05},
pages = {066501},
title = {Froehlich Polaron and Bipolaron: Recent Developments},
volume = {72},
journal = {Reports on Progress in Physics},
doi = {10.1088/0034-4885/72/6/066501}
}

@article{miglio2020predominance,
  title={Predominance of non-adiabatic effects in zero-point renormalization of the electronic band gap},
  author={Miglio, Anna and Brousseau-Couture, V{\'e}ronique and Godbout, Emile and Antonius, Gabriel and Chan, Yang-Hao and Louie, Steven G and C{\^o}t{\'e}, Michel and Giantomassi, Matteo and Gonze, Xavier},
  journal={npj Computational Materials},
  volume={6},
  number={1},
  pages={167},
  year={2020},
  publisher={Nature Publishing Group UK London}
}

@article{guster2021frohlich,
  title={Fr{\"o}hlich polaron effective mass and localization length in cubic materials: Degenerate and anisotropic electronic bands},
  author={Guster, Bogdan and Melo, Pedro and Martin, Bradley AA and Brousseau-Couture, V{\'e}ronique and de Abreu, Joao C and Miglio, Anna and Giantomassi, Matteo and C{\^o}t{\'e}, Michel and Frost, Jarvist M and Verstraete, Matthieu J and others},
  journal={Physical Review B},
  volume={104},
  number={23},
  pages={235123},
  year={2021},
  publisher={APS}
}

@article{gonze1997dynamical,
  title={Dynamical matrices, Born effective charges, dielectric permittivity tensors, and interatomic force constants from density-functional perturbation theory},
  author={Gonze, Xavier and Lee, Changyol},
  journal={Physical Review B},
  volume={55},
  number={16},
  pages={10355},
  year={1997},
  publisher={APS}
}

@article{da2021pseudopotential,
  title={Pseudopotential form factors and electronic band structures for AlAs, AlP, BAs, BP, 3C-SiC, and cubic-GaN},
  author={Da Ng, Jun and Danner, Aaron},
  journal={Physica Scripta},
  volume={96},
  number={5},
  pages={055801},
  year={2021},
  publisher={IOP Publishing}
}

@book{bruus2004many,
  title={Many-body quantum theory in condensed matter physics: an introduction},
  author={Bruus, Henrik and Flensberg, Karsten},
  year={2004},
  publisher={Oxford university press}
}

@book{nolting2009fundamentals,
  title={Fundamentals of many-body physics},
  author={Nolting, Wolfgang and Brewer, William D},
  volume={3},
  year={2009},
  publisher={Springer}
}

@article{PhysRev.84.350,
  title = {Bound States in Quantum Field Theory},
  author = {Gell-Mann, Murray and Low, Francis},
  journal = {Phys. Rev.},
  volume = {84},
  issue = {2},
  pages = {350--354},
  numpages = {0},
  year = {1951},
  month = {10},
  publisher = {American Physical Society},
  doi = {10.1103/PhysRev.84.350},
  url = {https://link.aps.org/doi/10.1103/PhysRev.84.350}
}

@article{mishchenko2005diagrammatic,
  title={Diagrammatic Monte Carlo method as applied to the polaron problems},
  author={Mishchenko, Andrei S},
  journal={Physics-Uspekhi},
  volume={48},
  number={9},
  pages={887},
  year={2005},
  publisher={IOP Publishing}
}

@article{mishchenko2000diagrammatic,
  title={Diagrammatic quantum Monte Carlo study of the Fr{\"o}hlich polaron},
  author={Mishchenko, AS and Prokofâ€™Ev, NV and Sakamoto, A and Svistunov, BV},
  journal={Physical Review B},
  volume={62},
  number={10},
  pages={6317},
  year={2000},
  publisher={APS}
}

@article{hahn2018diagrammatic,
  title={Diagrammatic Monte Carlo study of Fr{\"o}hlich polaron dispersion in two and three dimensions},
  author={Hahn, Thomas and Klimin, Sergei and Tempere, Jacques and Devreese, Jozef T and Franchini, Cesare},
  journal={Physical Review B},
  volume={97},
  number={13},
  pages={134305},
  year={2018},
  publisher={APS}
}

@article{metropolis1949monte,
  title={The monte carlo method},
  author={Metropolis, Nicholas and Ulam, Stanislaw},
  journal={Journal of the American statistical association},
  volume={44},
  number={247},
  pages={335--341},
  year={1949},
  publisher={Taylor \& Francis}
}

@misc{benedict2019quantum,
  title={Quantum Monte Carlo methods: algorithms for lattice models},
  author={Benedict, Keith A},
  year={2019},
  publisher={Taylor \& Francis}
}

@book{fehske2007computational,
  title={Computational many-particle physics},
  author={Fehske, Holger and Schneider, Ralf and Weisse, Alexander},
  volume={739},
  year={2007},
  publisher={Springer}
}

@book{becca2017quantum,
  title={Quantum Monte Carlo approaches for correlated systems},
  author={Becca, Federico and Sorella, Sandro},
  year={2017},
  publisher={Cambridge University Press}
}