@article{bloch1928quantum,
  title={Quantum mechanics of electrons in crystal lattices},
  author={Bloch, Felix},
  journal={Z. Phys},
  volume={52},
  pages={555--600},
  year={1928}
}

@book{Ashcroft76,
  author = {Ashcroft, N. W. and Mermin, N. D.},
  publisher = {Holt-Saunders},
  timestamp = {2009-03-26T12:05:24.000+0100},
  title = {{S}olid {S}tate {P}hysics},
  year = {1976}
}

@book{thijssen2007computational,
  title={Computational physics},
  author={Thijssen, Jos},
  year={2007},
  publisher={Cambridge university press}
}

@article{hohenberg1964inhomogeneous,
  title={Inhomogeneous electron gas},
  author={Hohenberg, Pierre and Kohn, Walter},
  journal={Physical review},
  volume={136},
  number={3B},
  pages={B864},
  year={1964},
  publisher={APS}
}

@article{PhysRev.140.A1133,
  title = {Self-Consistent Equations Including Exchange and Correlation Effects},
  author = {Kohn, W. and Sham, L. J.},
  journal = {Phys. Rev.},
  volume = {140},
  issue = {4A},
  pages = {A1133--A1138},
  numpages = {0},
  year = {1965},
  month = {11},
  publisher = {American Physical Society},
  doi = {10.1103/PhysRev.140.A1133},
  url = {https://link.aps.org/doi/10.1103/PhysRev.140.A1133}
}

@article{kerker1980non,
  title={Non-singular atomic pseudopotentials for solid state applications},
  author={Kerker, GP},
  journal={Journal of Physics C: Solid State Physics},
  volume={13},
  number={9},
  pages={L189},
  year={1980},
  publisher={IOP Publishing}
}

@article{ziesche1998density,
  title={Density functionals from LDA to GGA},
  author={Ziesche, Paul and Kurth, Stefan and Perdew, John P},
  journal={Computational materials science},
  volume={11},
  number={2},
  pages={122--127},
  year={1998},
  publisher={Elsevier}
}

@article{GaAs_wurtzite_structure,
author = {Pryor, Craig},
year = {2009},
month = {08},
pages = {},
title = {Predicted band structures of III-V semiconductors in the wurtzite phase},
volume = {81},
journal = {Phys. Rev. B},
doi = {10.1103/PhysRevB.81.155210}
}

@article{frohlich1954electrons,
  title={Electrons in lattice fields},
  author={Fr{\"o}hlich, Herbert},
  journal={Advances in Physics},
  volume={3},
  number={11},
  pages={325--361},
  year={1954},
  publisher={Taylor \& Francis}
}

@article{haken1976quantum,
  title={Quantum Field Theory of Solids. An Introduction},
  author={Haken, Hermann},
  year={1976}
}

@book{alexandrov2010advances,
  title={Advances in polaron physics},
  author={Alexandrov, Alexandre S and Devreese, Jozef T},
  volume={159},
  year={2010},
  publisher={Springer}
}

@book{mahan2013many,
  title={Many-particle physics},
  author={Mahan, Gerald D},
  year={2013},
  publisher={Springer Science \& Business Media}
}

@article{miyake1976ground,
  title={The ground state of the optical polaron in the strong-coupling case},
  author={Miyake, Satoru J},
  journal={Journal of the Physical Society of Japan},
  volume={41},
  number={3},
  pages={747--752},
  year={1976},
  publisher={The Physical Society of Japan}
}

@article{article_coupling,
author = {Devreese, Jozef and Alexandrov, Alexandre},
year = {2009},
month = {05},
pages = {066501},
title = {Froehlich Polaron and Bipolaron: Recent Developments},
volume = {72},
journal = {Reports on Progress in Physics},
doi = {10.1088/0034-4885/72/6/066501}
}